@article{mozaffari2024selftuning,
  title={Self-tuning Database Systems: A Systematic Literature Review of Automatic Database Schema Design and Tuning},
  author={Mozaffari, Maryam and Dign{\"o}s, Anton and Gamper, Johann and St{\"o}rl, Uta},
  journal={ACM Computing Surveys},
  year={2024},
  note={56(11):1-37},
  doi={10.1145/3665323},
  url={https://dl.acm.org/doi/10.1145/3665323}
}

@article{bhattarai2024novel,
  title={A Novel Approach to Self-tuning Database Systems Using Reinforcement Learning Techniques},
  author={Bhattarai, S. and Thapaliya, S.},
  journal={NPRC Journal of Multidisciplinary Research},
  year={2024},
  note={1(7):143--149},
  url={https://www.nepjol.info/index.php/nprcjmr/article/view/72480}
}

@techreport{rachapalli2024selfhealing,
  title={Self-Healing Databases: Automating DB Maintenance with AI},
  author={Rachapalli, S.K.},
  year={2024},
  institution={International Journal of Science and Technology (IJSAT)},
  url={https://www.ijsat.org/papers/2024/1/4679.pdf}
}

@misc{heidari2024uplif,
  title={UpLIF: An Updatable Self-Tuning Learned Index Framework},
  author={Heidari, A. and others},
  year={2024},
  howpublished={arXiv:2408.04113},
  url={https://arxiv.org/abs/2408.04113}
}

@article{nzenwata2025autonomous,
author = {Nzenwata, Uchenna and Opateye, Goodness and Aisosa, Noze-Otote and Daramola, Christiana and Odigie, Oduware and Edwin, Emokiniovo and Ikisikpo, Inyinsisaziba and Fayemi, Oluwaferanmi and Olatubosun, Sotunde and Owolabi, Keziah and Barry, Chucks},
year = {2025},
month = {07},
pages = {77-87},
title = {Autonomous Database Systems â€“ A Systematic Review of Self-Healing and Self-Tuning Database Systems},
volume = {18},
journal = {Asian Journal of Research in Computer Science},
doi = {10.9734/ajrcos/2025/v18i7721}
}
